@inproceedings{Bos2015NoDaLiDa,
   title     = {Open-Domain Semantic Parsing with Boxer},
   author    = {Bos, Johan},
   booktitle = {Proceedings of the 20th Nordic Conference of Computational Linguistics (NODALIDA 2015)},
   editor    = {Megyesi, Be{\'a}ta},
   pages     = {301--304},
   year      = {2015}
}

@InProceedings{monroe-goodman-potts:2016:EMNLP2016,
  author    = {Monroe, Will  and  Goodman, Noah D.  and  Potts, Christopher},
  title     = {Learning to Generate Compositional Color Descriptions},
  booktitle = {Proceedings of the 2016 Conference on Empirical Methods in Natural Language Processing},
  month     = {November},
  year      = {2016},
  address   = {Austin, Texas},
  publisher = {Association for Computational Linguistics},
  pages     = {2243--2248},
  url       = {https://aclweb.org/anthology/D16-1243}
}

@InProceedings{zarriess-schlangen:2016:INLG,
  author    = {Zarrie{\ss}, Sina  and  Schlangen, David},
  title     = {Towards Generating Colour Terms for Referents in Photographs: Prefer the Expected or the Unexpected?},
  booktitle = {Proceedings of the 9th International Natural Language Generation conference},
  month     = {September 5-8},
  year      = {2016},
  address   = {Edinburgh, UK},
  publisher = {Association for Computational Linguistics},
  pages     = {246--255},
  url       = {http://anthology.aclweb.org/W16-6642}
}

@book{BlackburnBos2005CSLI,
   title     = {Representation and Inference for Natural Language. A First Course in Computational Semantics},
   author    = {Blackburn, Patrick and Bos, Johan},
   publisher = {CSLI Publications},
   year      = {2005}
}

@inproceedings{Huerlimann2016,
   title     = {Combining Lexical and Spatial Knowledge to Predict Spatial Relations between Objects in Images},
   author    = {H{\"u}rlimann, Manuela and Bos, Johan},
   booktitle = {Proceedings of the 5th Workshop on Vision and Language},
   address   = {Berlin, Germany},
   pages     = {10--18},
   year      = {2016}
}
